<?xml version="1.0" encoding="UTF-8"?><collection xmlns="http://www.loc.gov/MARC21/slim"><record><leader>00435nam--2200121-i-4500</leader><controlfield tag="001">000029515</controlfield><controlfield tag="002">20161230</controlfield><controlfield tag="005">20161230201037</controlfield><controlfield tag="008">060222s1000------------r-----000-0-eng-d</controlfield><datafield ind1=" " ind2=" " tag="080"><subfield code="a">535.338.4</subfield></datafield><datafield ind1=" " ind2=" " tag="245"><subfield code="a">Molecular spectroscopy-viii. invited lectures presented at the viiith european congress on molecular spectroscopy, held in copenhagen, denmark, 14-20 aug., 1965</subfield></datafield><datafield ind1=" " ind2=" " tag="260"><subfield code="a">London, Butterworths, 1965, Vi + /-261-581/P</subfield></datafield><datafield ind1=" " ind2=" " tag="852"><subfield code="a">25070</subfield></datafield></record></collection>